@inproceedings{rei-etal-2020-comet,
    title = "{COMET}: A Neural Framework for Multilingual Evaluation",
    author = "Rei, Ricardo  and
      Stewart, Craig  and
      Farinha, Ana C.  and
      Lavie, Alon",
    booktitle = "Proceedings of the 2020 Conference on Empirical Methods in Natural Language Processing (EMNLP)",
    month = nov,
    year = "2020",
    address = "Online",
    publisher = "Association for Computational Linguistics",
    url = "https://www.aclweb.org/anthology/2020.emnlp-main.213",
    pages = "2685--2702",
}

@inproceedings{conia-etal-2024-m-eta,
    title = "{M}-{ETA}: A Manual Metric for Entity Translation Accuracy",
    author = "Conia, Simone and
      De Angeli, Arianna and
      Savoldi, Beatrice and
      Gaido, Marco and
      Bentivogli, Luisa and
      Negri, Matteo and
      Turchi, Marco",
    booktitle = "Findings of the Association for Computational Linguistics: EACL 2024",
    month = mar,
    year = "2024",
    address = "St. Julian's, Malta",
    publisher = "Association for Computational Linguistics",
    url = "https://aclanthology.org/2024.findings-eacl.32",
    pages = "461--472",
}